% Use this file for citations not found in the ACL Anthology (contained in "anthology.bib").

@ARTICLE{5298967,
  author={Singh, Ravindra and Pal, Bikash C. and Jabr, Rabih A.},
  journal={IEEE Transactions on Power Systems}, 
  title={Statistical Representation of Distribution System Loads Using Gaussian Mixture Model}, 
  year={2010},
  volume={25},
  number={1},
  pages={29-37},
  doi={10.1109/TPWRS.2009.2030271}}

  @article{reynolds2009gaussian,
  title={Gaussian mixture models.},
  author={Reynolds, Douglas A and others},
  journal={Encyclopedia of biometrics},
  volume={741},
  number={659-663},
  year={2009},
  publisher={Berlin, Springer}
}