% Use this file for citations not found in the ACL Anthology (contained in "anthology.bib").

@ARTICLE{5298967,
  author={Singh, Ravindra and Pal, Bikash C. and Jabr, Rabih A.},
  journal={IEEE Transactions on Power Systems}, 
  title={Statistical Representation of Distribution System Loads Using Gaussian Mixture Model}, 
  year={2010},
  volume={25},
  number={1},
  pages={29-37},
  doi={10.1109/TPWRS.2009.2030271}}

@article{reynolds2009gaussian,
  title={Gaussian mixture models.},
  author={Reynolds, Douglas A and others},
  journal={Encyclopedia of biometrics},
  volume={741},
  number={659-663},
  year={2009},
  publisher={Berlin, Springer}
}
@article{reimers2019sentence,
  title={Sentence-bert: Sentence embeddings using siamese bert-networks},
  author={Reimers, Nils and Gurevych, Iryna},
  journal={arXiv preprint arXiv:1908.10084},
  year={2019}
}
@inproceedings{baranvcikova2020costra,
  title={Costra 1.1: An Inquiry into Geometric Properties of Sentence Spaces},
  author={Baran{\v{c}}{\'\i}kov{\'a}, Petra and Bojar, Ond{\v{r}}ej},
  booktitle={Text, Speech, and Dialogue: 23rd International Conference, TSD 2020, Brno, Czech Republic, September 8--11, 2020, Proceedings},
  pages={135--143},
  year={2020},
  organization={Springer}
}
@inproceedings{le2014distributed,
  title={Distributed representations of sentences and documents},
  author={Le, Quoc and Mikolov, Tomas},
  booktitle={International conference on machine learning},
  pages={1188--1196},
  year={2014},
  organization={PMLR}
}
